@Manual{ linguagemR,
    title = {R: A Language and Environment for Statistical Computing},
    author = {{R Core Team}},
    organization = {R Foundation for Statistical Computing},
    address = {Vienna, Austria},
    year = {2016},
    url = {https://www.R-project.org/},
  }

@Manual{ lingR_Stream,
    title = {stream: Infrastructure for Data Stream Mining},
    author = {Michael Hahsler and Matthew Bolanos and John Forrest},
    year = {2016},
    note = {R package version 1.2-3},
    url = {https://CRAN.R-project.org/package=stream},
  }

@Manual{ lingR_StreamMOA,
    title = {streamMOA: Interface for MOA Stream Clustering Algorithms},
    author = {Michael Hahsler and Matthew Bolanos and John Forrest},
    year = {2015},
    note = {R package version 1.1-2},
    url = {https://CRAN.R-project.org/package=streamMOA},
  }

@Manual{ lingR_e1071,
    title = {e1071: Misc Functions of the Department of Statistics, Probability
Theory Group (Formerly: E1071), TU Wien},
    author = {David Meyer and Evgenia Dimitriadou and Kurt Hornik and Andreas Weingessel and Friedrich Leisch},
    year = {2015},
    note = {R package version 1.6-7},
    url = {https://CRAN.R-project.org/package=e1071},
  }