@inproceedings{Lopes2011,
author = {Lopes, Priscilla de Abreu and Camargo, Heloisa de Arruda},
booktitle = {VIII Encontro Nacional de Intelig{\^{e}}ncia Artificial - ENIA2011},
file = {:C$\backslash$:/Users/Priscilla/Dropbox/Mendeley Desktop/2011/Lopes, Camargo{\_}2011{\_}Semi-supervised Clustering in Fuzzy Rule Generation.pdf:pdf},
title = {{Semi-supervised Clustering in Fuzzy Rule Generation}},
year = {2011}
}

@inproceedings{Lopes2012,
author = {Lopes, Priscilla de Abreu and Camargo, Heloisa de Arruda},
booktitle = {Information Reuse and Integration},
file = {:C$\backslash$:/Users/Priscilla/Dropbox/Mendeley Desktop/2012/Lopes, Camargo{\_}2012{\_}Automatic labeling by means of semi-supervised fuzzy clustering as a boosting mechanism in the generation of fuzzy r.pdf:pdf},
isbn = {9781467322843},
pages = {279--286},
title = {{Automatic labeling by means of semi-supervised fuzzy clustering as a boosting mechanism in the generation of fuzzy rules}},
year = {2012}
}

@inproceedings{Lopes2015,
author = {Lopes, Priscilla and Sumida, Ivana Yoshie and Camargo, Heloisa A and {De Campos Velho}, Haroldo and Sandri, Sandra},
booktitle = {Proceedings of the 2015 Conference of the International Fuzzy Systems Association and the European Society for Fuzzy Logic and Technology},
doi = {10.2991/ifsa-eusflat-15.2015.201},
file = {:C$\backslash$:/Users/Priscilla/Dropbox/Mendeley Desktop/2015/Lopes et al.{\_}2015{\_}A proposal for regime changeduration classification in chaotic systems.pdf:pdf},
pages = {1419--1426},
publisher = {Atlantis Press},
title = {{A proposal for regime change/duration classification in chaotic systems}},
year = {2015}
}
