% This file was created with JabRef 2.9.2.
% Encoding: Cp1252

@INPROCEEDINGS{Lopes2012,
  author = {Lopes, Priscilla de Abreu and Camargo, Heloisa de Arruda},
  title = {{Automatic labeling by means of semi-supervised fuzzy clustering
	as a boosting mechanism in the generation of fuzzy rules}},
  booktitle = {Information Reuse and Integration},
  year = {2012},
  pages = {279--286},
  file = {:C$\backslash$:/Users/note/Dropbox/Mendeley Desktop/2012/Lopes, Camargo\_2012\_Automatic labeling by means of semi-supervised fuzzy clustering as a boosting mechanism in the generation of fuzzy r.pdf:pdf},
  isbn = {9781467322843}
}

@INPROCEEDINGS{Lopes2011,
  author = {Lopes, Priscilla de Abreu and Camargo, Heloisa de Arruda},
  title = {{Semi-supervised Clustering in Fuzzy Rule Generation}},
  booktitle = {CSBC 2011},
  year = {2011},
  file = {:C$\backslash$:/Users/note/Dropbox/Mendeley Desktop/2011/Lopes, Camargo\_2011\_Semi-supervised Clustering in Fuzzy Rule Generation.pdf:pdf}
}

